@article{carino1999oral,
  title={Oral insulin delivery},
  author={Carino, Gerardo P and Mathiowitz, Edith},
  journal={Advanced drug delivery reviews},
  volume={35},
  number={2-3},
  pages={249--257},
  year={1999},
  publisher={Elsevier}, 
}
% URL={https://10.1016/S0169-409X(98)00075-1}

@article{fonte2013oral,
  title={Oral insulin delivery: how far are we?},
  author={Fonte, Pedro and Ara{\'u}jo, Francisca and Reis, Salette and Sarmento, Bruno},
  journal={Journal of diabetes science and technology},
  volume={7},
  number={2},
  pages={520--531},
  year={2013},
  publisher={SAGE Publications},
}
% URL={https://doi.org/10.1177/193229681300700228}

@article{gedawy2018oral,
  title={Oral insulin delivery: existing barriers and current counter-strategies},
  author={Gedawy, Ahmed and Martinez, Jorge and Al-Salami, Hani and Dass, Crispin R},
  journal={Journal of pharmacy and pharmacology},
  volume={70},
  number={2},
  pages={197--213},
  year={2018},
  publisher={Oxford University Press},
}
%   URL={https://doi.org/10.1111/jphp.12852}

@article{hoffman1997pharmacokinetic,
  title={Pharmacokinetic considerations of new insulin formulations and routes of administration},
  author={Hoffman, Amnon and Ziv, Ehud},
  journal={Clinical pharmacokinetics},
  volume={33},
  number={4},
  pages={285--301},
  year={1997},
  publisher={Springer},
}
%  URL={https://doi.org/10.2165/00003088-199733040-00004}

@article{owens2002new,
  title={New horizons—alternative routes for insulin therapy},
  author={Owens, David R},
  journal={Nature reviews drug discovery},
  volume={1},
  number={7},
  pages={529--540},
  year={2002},
  publisher={Nature Publishing Group},
}
% URL={https://doi.org/10.1038/nrd836}

@article{bruno2013basics,
  title={Basics and recent advances in peptide and protein drug delivery},
  author={Bruno, Benjamin J and Miller, Geoffrey D and Lim, Carol S},
  journal={Therapeutic delivery},
  volume={4},
  number={11},
  pages={1443--1467},
  year={2013},
  publisher={Future Science},
}
%   URL={https://0.4155/tde.13.104}

@article{hinds2002effects,
  title={Effects of PEG conjugation on insulin properties},
  author={Hinds, Kenneth D and Kim, Sung Wan},
  journal={Advanced drug delivery reviews},
  volume={54},
  number={4},
  pages={505--530},
  year={2002},
  publisher={Elsevier}, 
}
% URL={https://doi.org/10.1016/S0169-409X(02)00025-X}

@article{clement2002oral,
  title={Oral insulin product hexyl-insulin monoconjugate 2 (HIM2) in type 1 diabetes mellitus: the glucose stabilization effects of HIM2},
  author={Clement, Stephen and Still, J Gordon and Kosutic, Gordana and McAllister, RG},
  journal={Diabetes technology \& therapeutics},
  volume={4},
  number={4},
  pages={459--466},
  year={2002},
  publisher={Mary Ann Liebert, Inc.},
}
% URL={https://doi.org/10.1089/152091502760306544}

@article{deng2017selenium,
  title={Selenium nanoparticles as versatile carriers for oral delivery of insulin: insight into the synergic antidiabetic effect and mechanism},
  author={Deng, Wenji and Xie, Qian and Wang, Huan and Ma, Zhiguo and Wu, Baojian and Zhang, Xingwang},
  journal={Nanomedicine: nanotechnology, biology and medicine},
  volume={13},
  number={6},
  pages={1965--1974},
  year={2017},
  publisher={Elsevier},
}
% URL={https://doi.org/10.1016/j.nano.2017.05.002}

@article{bhattacharyya2017preparation,
  title={Preparation of polyurethane--alginate/chitosan core shell nanoparticles for the purpose of oral insulin delivery},
  author={Bhattacharyya, Aditi and Mukherjee, Debarati and Mishra, Roshnara and Kundu, PP},
  journal={European polymer journal},
  volume={92},
  pages={294--313},
  year={2017},
  publisher={Elsevier},
}
% URL={https://doi.org/10.1016/j.eurpolymj.2017.05.015}

@article{zhou2020nanocomposite,
  title={A Nanocomposite vehicle based on metal--organic framework nanoparticle incorporated biodegradable microspheres for enhanced oral insulin delivery},
  author={Zhou, Yuhao and Liu, Liang and Cao, Yue and Yu, Shuangjiang and He, Chaoliang and Chen, Xuesi},
  journal={ACS applied materials \& interfaces},
  volume={12},
  number={20},
  pages={22581--22592},
  year={2020},
  publisher={ACS Publications}, 
}
% URL={https://doi.org/10.1021/acsami.0c04303}

@article{agarwal2000oral,
  title={Oral delivery of proteins: Effect of chicken and duck ovomucoid on the stability of insulin in the presence of $\alpha$-chymotrypsin and trypsin},
  author={AGARWAL, VIKAS and REDDY, INDRA K and KHAN, MANSOOR A},
  journal={Pharmacy and pharmacology communications},
  volume={6},
  number={5},
  pages={223--227},
  year={2000},
  publisher={Wiley Online Library},
}
% URL={https://doi.org/10.1211/146080800128735935}

@article{guan2018chemically,
  title={Chemically precise glycoengineering improves human insulin},
  author={Guan, Xiaoyang and Chaffey, Patrick K and Wei, Xiuli and Gulbranson, Daniel R and Ruan, Yuan and Wang, Xinfeng and Li, Yaohao and Ouyang, Yan and Chen, Liqun and Zeng, Chen and others},
  journal={ACS chemical biology},
  volume={13},
  number={1},
  pages={73--81},
  year={2018},
  publisher={ACS Publications}, 
}
% URL={https://doi.org/10.1021/acschembio.7b00794}

@article{yang2011pegylation,
  title={How PEGylation enhances the stability and potency of insulin: a molecular dynamics simulation},
  author={Yang, Cheng and Lu, Diannan and Liu, Zheng},
  journal={Biochemistry},
  volume={50},
  number={13},
  pages={2585--2593},
  year={2011},
  publisher={ACS Publications},
}
% URL={https://doi.org/10.1021/bi101926u}

@article{antoszewski2020insulin,
  title={Insulin dissociates by diverse mechanisms of coupled unfolding and unbinding},
  author={Antoszewski, Adam and Feng, Chi-Jui and Vani, Bodhi P and Thiede, Erik H and Hong, Lu and Weare, Jonathan and Tokmakoff, Andrei and Dinner, Aaron R},
  journal={The journal of physical chemistry B},
  volume={124},
  number={27},
  pages={5571--5587},
  year={2020},
  publisher={ACS Publications},
}
% URL={https://doi.org/10.1021/acs.jpcb.0c03521}

@article{mark1991conformational,
  title={Conformational flexibility of aqueous monomeric and dimeric insulin: a molecular dynamics study},
  author={Mark, Alan E and Berendsen, Herman JC and Van Gunsteren, Wilfred F},
  journal={Biochemistry},
  volume={30},
  number={45},
  pages={10866--10872},
  year={1991},
  publisher={ACS Publications}
}
%   URL={https://doi.org/10.1021/bi00109a009}

@article{zoete2004comparison,
  title={A comparison of the dynamic behavior of monomeric and dimeric insulin shows structural rearrangements in the active monomer},
  author={Zoete, Vincent and Meuwly, Markus and Karplus, Martin},
  journal={Journal of molecular biology},
  volume={342},
  number={3},
  pages={913--929},
  year={2004},
  publisher={Elsevier},
}
%   URL={https://doi.org/10.1016/j.jmb.2004.07.033}

@article{pincus1970letter,
  title={Letter to the editor—a Monte Carlo method for the approximate solution of certain types of constrained optimization problems},
  author={Pincus, Martin},
  journal={Operations research},
  volume={18},
  number={6},
  pages={1225--1228},
  year={1970},
  publisher={INFORMS},
}
%   URL={https://doi.org/10.1287/opre.18.6.1225}

@article{isralewitz2001steered,
  title={Steered molecular dynamics and mechanical functions of proteins},
  author={Isralewitz, Barry and Gao, Mu and Schulten, Klaus},
  journal={Current opinion in structural biology},
  volume={11},
  number={2},
  pages={224--230},
  year={2001},
  publisher={Elsevier},
}
%   URL={https://doi.org/10.1016/s0959-440x(00)00194-9}

@article{sugita2000multidimensional,
  title={Multidimensional replica-exchange method for free-energy calculations},
  author={Sugita, Yuji and Kitao, Akio and Okamoto, Yuko},
  journal={The journal of chemical physics},
  volume={113},
  number={15},
  pages={6042--6051},
  year={2000},
  publisher={American Institute of Physics},
}
%   URL={https://doi.org/10.1063/1.1308516}

@article{favero2013structural,
  title={Structural meta-analysis of regular human insulin in pharmaceutical formulations},
  author={F{\'a}vero-Retto, Maely P and Palmieri, Leonardo C and Souza, Tatiana ACB and Almeida, F{\'a}bio CL and Lima, Lu{\'\i}s Mauricio TR},
  journal={European journal of pharmaceutics and biopharmaceutics},
  volume={85},
  number={3},
  pages={1112--1121},
  year={2013},
  publisher={Elsevier},
}
%   URL={https://doi.org/10.1016/j.ejpb.2013.05.005}

@article{timofeev2010x,
  title={X-ray investigation of gene-engineered human insulin crystallized from a solution containing polysialic acid},
  author={Timofeev, VI and Chuprov-Netochin, RN and Samigina, VR and Bezuglov, VV and Miroshnikov, KA and Kuranova, IP},
  journal={Acta crystallographica section F: Structural biology and crystallization communications},
  volume={66},
  number={3},
  pages={259--263},
  year={2010},
  publisher={International Union of Crystallography},
}
%   URL={https://doi.org/10.1107/S1744309110000461}

@article{kvrivzkova2014structural,
  title={Structural and functional study of the GlnB22-insulin mutant responsible for maturity-onset diabetes of the young},
  author={K{\v{r}}{\'\i}{\v{z}}kov{\'a}, Kv{\v{e}}toslava and Veverka, V{\'a}clav and Malet{\'\i}nsk{\'a}, Lenka and Hexnerov{\'a}, Roz{\'a}lie and Brzozowski, Andrzej M and Jir{\'a}{\v{c}}ek, Ji{\v{r}}{\'\i} and {\v{Z}}{\'a}kov{\'a}, Lenka},
  journal={PloS one},
  volume={9},
  number={11},
  pages={e112883},
  year={2014},
  publisher={Public Library of Science San Francisco, USA},
}
%   URL={https://doi.org/10.1371/journal.pone.0112883}

@article{delano2002pymol,
  title={Pymol: An open-source molecular graphics tool},
  author={DeLano, Warren L and others},
  journal={CCP4 Newsletter on protein crystallography},
  volume={40},
  number={1},
  pages={82--92},
  year={2002},
  publisher={Citeseer}
}
@article{kirschner2008glycam06,
  title={GLYCAM06: a generalizable biomolecular force field. Carbohydrates},
  author={Kirschner, Karl N and Yongye, Austin B and Tschampel, Sarah M and Gonz{\'a}lez-Outeiri{\~n}o, Jorge and Daniels, Charlisa R and Foley, B Lachele and Woods, Robert J},
  journal={Journal of computational chemistry},
  volume={29},
  number={4},
  pages={622--655},
  year={2008},
  publisher={Wiley Online Library},
}
%   URL={https://doi.org/10.1002/jcc.20820}

@article{anandakrishnan2012h++,
  title={H++ 3.0: automating pK prediction and the preparation of biomolecular structures for atomistic molecular modeling and simulations},
  author={Anandakrishnan, Ramu and Aguilar, Boris and Onufriev, Alexey V},
  journal={Nucleic acids research},
  volume={40},
  number={W1},
  pages={W537--W541},
  year={2012},
  publisher={Oxford University Press},
}
%   URL={https://doi.org/10.1093/nar/gks375}

@article{myers2006simple,
  title={A simple clustering algorithm can be accurate enough for use in calculations of pKs in macromolecules},
  author={Myers, Jonathan and Grothaus, Greg and Narayanan, Shivaram and Onufriev, Alexey},
  journal={Proteins: Structure, function, and bioinformatics},
  volume={63},
  number={4},
  pages={928--938},
  year={2006},
  publisher={Wiley Online Library},
}
%   URL={https://doi.org/10.1002/prot.20922}

@article{gordon2005h++,
  title={H++: a server for estimating pK as and adding missing hydrogens to macromolecules},
  author={Gordon, John C and Myers, Jonathan B and Folta, Timothy and Shoja, Valia and Heath, Lenwood S and Onufriev, Alexey},
  journal={Nucleic acids research},
  volume={33},
  number={suppl\_2},
  pages={W368--W371},
  year={2005},
  publisher={Oxford University Press},
}
%   URL={https://doi.org/10.1093/nar/gki464}

@article{maier2015ff14sb,
  title={ff14SB: improving the accuracy of protein side chain and backbone parameters from ff99SB},
  author={Maier, James A and Martinez, Carmenza and Kasavajhala, Koushik and Wickstrom, Lauren and Hauser, Kevin E and Simmerling, Carlos},
  journal={Journal of chemical theory and computation},
  volume={11},
  number={8},
  pages={3696--3713},
  year={2015},
  publisher={ACS Publications}, 
}
%   URL={https://doi.org/10.1021/acs.jctc.5b00255}

@article{hornak2006comparison,
  title={Comparison of multiple Amber force fields and development of improved protein backbone parameters},
  author={Hornak, Viktor and Abel, Robert and Okur, Asim and Strockbine, Bentley and Roitberg, Adrian and Simmerling, Carlos},
  journal={Proteins: Structure, function, and bioinformatics},
  volume={65},
  number={3},
  pages={712--725},
  year={2006},
  publisher={Wiley Online Library},
}
%   URL={https://doi.org/10.1002/prot.21123}

@article{abraham2015gromacs,
  title={GROMACS: High performance molecular simulations through multi-level parallelism from laptops to supercomputers},
  author={Abraham, Mark James and Murtola, Teemu and Schulz, Roland and P{\'a}ll, Szil{\'a}rd and Smith, Jeremy C and Hess, Berk and Lindahl, Erik},
  journal={SoftwareX},
  volume={1},
  pages={19--25},
  year={2015},
  publisher={Elsevier},
}
%   URL={https://doi.org/10.1016/j.softx.2015.06.001}

@inproceedings{pall2014tackling,
  title={Tackling exascale software challenges in molecular dynamics simulations with GROMACS},
  author={P{\'a}ll, Szil{\'a}rd and Abraham, Mark James and Kutzner, Carsten and Hess, Berk and Lindahl, Erik},
  booktitle={International conference on exascale applications and software},
  pages={3--27},
  year={2014},
  organization={Springer},
}
%   URL={https://doi.org/10.1007/978-3-319-15976-8_1}

@article{da2012acpype,
  title={ACPYPE-Antechamber python parser interface},
  author={Da Silva, Alan W Sousa and Vranken, Wim F},
  journal={BMC research notes},
  volume={5},
  number={1},
  pages={1--8},
  year={2012},
  publisher={Springer},
}
%   URL={https://doi.org/10.1186/1756-0500-5-367}

@article{berendsen1984molecular,
  title={Molecular dynamics with coupling to an external bath},
  author={Berendsen, Herman JC and Postma, JPM van and van Gunsteren, Wilfred F and DiNola, ARHJ and Haak, Jan R},
  journal={The journal of chemical physics},
  volume={81},
  number={8},
  pages={3684--3690},
  year={1984},
  publisher={American Institute of Physics},
}
%   URL={https://doi.org/10.1063/1.448118}

@article{bussi2007canonical,
  title={Canonical sampling through velocity rescaling},
  author={Bussi, Giovanni and Donadio, Davide and Parrinello, Michele},
  journal={The journal of chemical physics},
  volume={126},
  number={1},
  pages={014101},
  year={2007},
  publisher={American Institute of Physics},
}
%   URL={https://doi.org/10.1063/1.2408420}

@article{parrinello1980crystal,
  title={Crystal structure and pair potentials: A molecular-dynamics study},
  author={Parrinello, Michele and Rahman, Aneesur},
  journal={Physical review letters},
  volume={45},
  number={14},
  pages={1196},
  year={1980},
  publisher={APS},
}
%   URL={https://doi.org/10.1103/PhysRevLett.45.1196}

@article{parrinello1981polymorphic,
  title={Polymorphic transitions in single crystals: A new molecular dynamics method},
  author={Parrinello, Michele and Rahman, Aneesur},
  journal={Journal of applied physics},
  volume={52},
  number={12},
  pages={7182--7190},
  year={1981},
  publisher={American Institute of Physics},
}
%   URL={https://doi.org/10.1063/1.328693}

@article{essmann1995smooth,
  title={A smooth particle mesh Ewald method},
  author={Essmann, Ulrich and Perera, Lalith and Berkowitz, Max L and Darden, Tom and Lee, Hsing and Pedersen, Lee G},
  journal={The journal of chemical physics},
  volume={103},
  number={19},
  pages={8577--8593},
  year={1995},
  publisher={American Institute of Physics},
}
%   URL={https://doi.org/10.1063/1.470117}

@article{lincs,
  title={LINCS: a linear constraint solver for molecular simulations},
  author={Hess, Berk and Bekker, Henk and Berendsen, Herman JC and Fraaije, Johannes GEM},
  journal={Journal of computational chemistry},
  volume={18},
  number={12},
  pages={1463--1472},
  year={1997},
  publisher={Wiley Online Library},
}
%   URL={https://doi.org/10.1002/(SICI)1096-987X(199709)18:12<1463::AID-JCC4>3.0.CO;2-H}

@article{schilling1991degradation,
  title={Degradation of insulin by trypsin and alpha-chymotrypsin},
  author={Schilling, Robert J and Mitra, Ashim K},
  journal={Pharmaceutical research},
  volume={8},
  number={6},
  pages={721--727},
  year={1991},
  publisher={Springer},
}
%   URL={https://doi.org/10.1023/a:1015893832222}

@incollection{wilcox19705,
  title={Chymotrypsinogens—chymotrypsins},
  author={Wilcox, PE},
  booktitle={Methods in enzymology},
  volume={19},
  pages={64--108},
  year={1970},
  publisher={Elsevier},
}
%   URL={https://doi.org/10.1016/0076-6879(70)19007-0}

@article{eisenhaber1995double,
  title={The double cubic lattice method: efficient approaches to numerical integration of surface area and volume and to dot surface contouring of molecular assemblies},
  author={Eisenhaber, Frank and Lijnzaad, Philip and Argos, Patrick and Sander, Chris and Scharf, Michael},
  journal={Journal of computational chemistry},
  volume={16},
  number={3},
  pages={273--284},
  year={1995},
  publisher={Wiley Online Library},
}
%   URL={https://doi.org/10.1002/jcc.540160303}

@article{harding1966crystal,
	title = {The crystal structure of insulin: {II}. {An} investigation of rhombohedral zinc insulin crystals and a report of other crystalline forms},
	volume = {16},
	issn = {0022-2836},
	shorttitle = {The crystal structure of insulin},
	language = {en},
	number = {1},
	urldate = {2021-06-08},
	journal = {Journal of molecular biology},
	author = {Harding, Marjorie M. and Hodgkin, Dorothy Crowfoot and Kennedy, Ann F. and O'Connor, A. and Weitzmann, P. D. J.},
	month = mar,
	year = {1966},
	pages = {212--IN30},
}
% 	url = {https://doi.org/10.1016/S0022-2836(66)80274-7},

@article{antolikova2011dimerinterface,
	title = {Non-equivalent {role} of {inter}- and {intramolecular} {hydrogen} {bonds} in the {insulin} {dimer} {interface}*},
	volume = {286},
	issn = {00219258},
	language = {en},
	number = {42},
	urldate = {2021-06-08},
	journal = {Journal of biological chemistry},
	author = {Antolíková, Emília and Žáková, Lenka and Turkenburg, Johan P. and Watson, Christopher J. and Hančlová, Ivona and Šanda, Miloslav and Cooper, Alan and Kraus, Tomáš and Brzozowski, A. Marek and Jiráček, Jiří},
	month = oct,
	year = {2011},
	pages = {36968--36977},
}
% 	url = {https://doi.org/10.1074/jbc.M111.265249},

@article{touw2015dsspnew,
	title = {A series of {PDB}-related databanks for everyday needs},
	volume = {43},
	issn = {0305-1048},
	number = {Database issue},
	urldate = {2021-08-24},
	journal = {Nucleic Acids Research},
	author = {Touw, Wouter G. and Baakman, Coos and Black, Jon and te~Beek, Tim A. H. and Krieger, E. and Joosten, Robbie P. and Vriend, Gert},
	month = jan,
	year = {2015},
	pmid = {25352545},
	pmcid = {PMC4383885},
	pages = {D364--D368},
}
% 	url = {https://doi.org/10.1093/nar/gku1028},

@article{kabsch1983dssp,
	title = {Dictionary of protein secondary structure: pattern recognition of hydrogen-bonded and geometrical features},
	volume = {22},
	issn = {0006-3525},
	shorttitle = {Dictionary of protein secondary structure},
	language = {eng},
	number = {12},
	journal = {Biopolymers},
	author = {Kabsch, W. and Sander, C.},
	month = dec,
	year = {1983},
	pmid = {6667333},
	keywords = {Amino Acid Sequence, Hydrogen Bonding, Protein Conformation, Proteins},
	pages = {2577--2637},
}
% 	URL= {https://doi.org/10.1002/bip.360221211}},


@article{wilson1927score,
	title = {Probable {inference}, the {law} of {succession}, and {statistical} {inference}},
	volume = {22},
	issn = {0162-1459},
	number = {158},
	urldate = {2021-08-24},
	journal = {Journal of the American Statistical Association},
	author = {Wilson, Edwin B.},
	month = jun,
	year = {1927},
	note = {Publisher: Taylor \& Francis},
	pages = {209--212},
}
% 	url = {https://doi.org/10.1080/01621459.1927.10502953},

@article{newcombe1998intervals,
	title = {Two-sided confidence intervals for the single proportion: Comparison of seven methods},
	volume = {17},
	issn = {1097-0258},
	shorttitle = {Two-sided confidence intervals for the single proportion},
	language = {en},
	number = {8},
	urldate = {2021-08-24},
	journal = {Statistics in medicine},
	author = {Newcombe, Robert G.},
	year = {1998},
	pages = {857--872},
}
% 	url = {https://doi.org/10.1002/(SICI)1097-0258(19980430)17:8<857::AID-SIM777>3.0.CO;2-E},

@article{wallis2013binomialscores,
	title = {Binomial {confidence} {intervals} and {contingency} {tests}: {mathematical} {fundamentals} and the {evaluation} of {alternative} {methods}},
	volume = {20},
	issn = {0929-6174, 1744-5035},
	shorttitle = {Binomial {Confidence} {Intervals} and {Contingency} {Tests}},
	language = {en},
	number = {3},
	urldate = {2021-08-24},
	journal = {Journal of quantitative linguistics},
	author = {Wallis, Sean},
	month = aug,
	year = {2013},
	pages = {178--208},
}
% 	url = {https://doi.org/10.1080/09296174.2013.799918},

@article{bakan2011prody,
	title = {{ProDy}: {Protein} {dynamics} {inferred} from {theory} and {experiments}},
	volume = {27},
	issn = {1367-4803},
	shorttitle = {{ProDy}},
	language = {en},
	number = {11},
	urldate = {2021-08-25},
	journal = {Bioinformatics},
	author = {Bakan, Ahmet and Meireles, Lidio M. and Bahar, Ivet},
	month = jun,
	year = {2011},
	note = {Publisher: Oxford Academic},
	pages = {1575--1577},
}
% 	url = {https://doi.org/10.1093/bioinformatics/btr168},

@article{shrake1973environment,
  title={Environment and exposure to solvent of protein atoms. Lysozyme and insulin},
  author={Shrake, Andrew and Rupley, John A},
  journal={Journal of molecular biology},
  volume={79},
  number={2},
  pages={351--371},
  year={1973},
  publisher={Elsevier},
}
%   URL={https://doi.org/10.1016/0022-2836(73)90011-9}

@article{schechter1968active,
  title={On the active site of proteases. III. Mapping the active site of papain; specific peptide inhibitors of papain},
  author={Schechter, Israel and Berger, Arieh},
  journal={Biochemical and biophysical research communications},
  volume={32},
  number={5},
  pages={898--902},
  year={1968},
  publisher={Elsevier},
}
%   URL={https://doi.org/10.1016/0006-291X(68)90326-4}

@article{appel1986chymotrypsin,
  title={Chymotrypsin: molecular and catalytic properties},
  author={Appel, Walter},
  journal={Clinical biochemistry},
  volume={19},
  number={6},
  pages={317--322},
  year={1986},
  publisher={Elsevier},
}
%   URL={https://10.1016/s0009-9120(86)80002-9}

@article{hedstrom2002serine,
  title={Serine protease mechanism and specificity},
  author={Hedstrom, Lizbeth},
  journal={Chemical reviews},
  volume={102},
  number={12},
  pages={4501--4524},
  year={2002},
  publisher={ACS Publications},
}
%   URL={https://doi.org/10.1021/cr000033x}

@article{ramachandran1963stereochemistry,
  title={Stereochemistry of polypeptide chain configurations},
  author={G. N. Ramachandran, C Ramakrishnan, V Sasisekharan},
  journal={Journal of molecular biology},
  volume={7},
  pages={95--99},
  year={1963},
}
%   URL={https://doi.org/10.1016/s0022-2836(63)80023-6}

@article{lovell2003structure,
  title={Structure validation by C$\alpha$ geometry: $\phi$, $\psi$ and C$\beta$ deviation},
  author={Lovell, Simon C and Davis, Ian W and Arendall III, W Bryan and De Bakker, Paul IW and Word, J Michael and Prisant, Michael G and Richardson, Jane S and Richardson, David C},
  journal={Proteins: Structure, function, and bioinformatics},
  volume={50},
  number={3},
  pages={437--450},
  year={2003},
  publisher={Wiley Online Library},
}
%   URL={https://doi.org/10.1002/prot.10286}

@techreport{gowers2019mdanalysis,
  title={MDAnalysis: a Python package for the rapid analysis of molecular dynamics simulations},
  author={Gowers, Richard J and Linke, Max and Barnoud, Jonathan and Reddy, Tyler John Edward and Melo, Manuel N and Seyler, Sean L and Domanski, Jan and Dotson, David L and Buchoux, S{\'e}bastien and Kenney, Ian M and others},
  year={2019},
  institution={Los Alamos National Lab.(LANL), Los Alamos, NM (United States)}
}
@article{michaud2011mdanalysis,
  title={MDAnalysis: a toolkit for the analysis of molecular dynamics simulations},
  author={Michaud-Agrawal, Naveen and Denning, Elizabeth J and Woolf, Thomas B and Beckstein, Oliver},
  journal={Journal of computational chemistry},
  volume={32},
  number={10},
  pages={2319--2327},
  year={2011},
  publisher={Wiley Online Library},
}
%   URL={https://doi.org/10.1002/jcc.21787}

@article{mcgibbon2015mdtraj,
  title={MDTraj: a modern open library for the analysis of molecular dynamics trajectories},
  author={McGibbon, Robert T and Beauchamp, Kyle A and Harrigan, Matthew P and Klein, Christoph and Swails, Jason M and Hern{\'a}ndez, Carlos X and Schwantes, Christian R and Wang, Lee-Ping and Lane, Thomas J and Pande, Vijay S},
  journal={Biophysical journal},
  volume={109},
  number={8},
  pages={1528--1532},
  year={2015},
  publisher={Elsevier},
}
%   URL={https://doi.org/10.1016/j.bpj.2015.08.015}

@article{baker1984hydrogen,
  title={Hydrogen bonding in globular proteins},
  author={Baker, Edward N and Hubbard, Roderick E},
  journal={Progress in biophysics and molecular biology},
  volume={44},
  number={2},
  pages={97--179},
  year={1984},
  publisher={Elsevier},
}
%   URL={https://doi.org/10.1016/0022-2836(92)91058-w}

@ARTICLE{scipy2020pub,
  author  = {Virtanen, Pauli and Gommers, Ralf and Oliphant, Travis E. and Haberland, Matt and Reddy, Tyler and Cournapeau, David and Burovski, Evgeni and Peterson, Pearu and Weckesser, Warren and Bright, Jonathan and {van der Walt}, St{\'e}fan J. and Brett, Matthew and Wilson, Joshua and Millman, K. Jarrod and Mayorov, Nikolay and Nelson, Andrew R. J. and Jones, Eric and Kern, Robert and Larson, Eric and Carey, C J and Polat, {\.I}lhan and Feng, Yu and Moore, Eric W. and {VanderPlas}, Jake and Laxalde, Denis and Perktold, Josef and Cimrman, Robert and Henriksen, Ian and Quintero, E. A. and Harris, Charles R. and Archibald, Anne M. and Ribeiro, Ant{\^o}nio H. and Pedregosa, Fabian and {van Mulbregt}, Paul and {SciPy 1.0 Contributors}},
  title   = {{{SciPy} 1.0: Fundamental Algorithms for Scientific Computing in Python}},
  journal = {Nature methods},
  year    = {2020},
  volume  = {17},
  pages   = {261--272},
  adsurl  = {https://rdcu.be/b08Wh},
}
%   doi     = {10.1038/s41592-019-0686-2},

@ARTICLE{numpy2020pub,
  author  = {Harris, Charles R. and Millman, K. Jarrod and van der Walt, Stéfan J and Gommers, Ralf and Virtanen, Pauli and Cournapeau, David and Wieser, Eric and Taylor, Julian and Berg, Sebastian and Smith, Nathaniel J. and Kern, Robert and Picus, Matti and Hoyer, Stephan and van Kerkwijk, Marten H. and Brett, Matthew and Haldane, Allan and Fernández del Río, Jaime and Wiebe, Mark and Peterson, Pearu and Gérard-Marchant, Pierre and Sheppard, Kevin and Reddy, Tyler and Weckesser, Warren and Abbasi, Hameer and Gohlke, Christoph and Oliphant, Travis E.},
  title   = {Array programming with {NumPy}},
  journal = {Nature},
  year    = {2020},
  volume  = {585},
  pages   = {357–362},
}
%  URL={https://doi.org/10.1038/s41586-020-2649-2}

@unpublished{PyMOL,
	Annote = {PyMOL - The PyMOL Molecular Graphics System, Version 2.4.1, Schr{\"o}dinger, LLC.},
	Author = {{Schr\"odinger, LLC}},
	Date-Added = {2010-08-19 17:29:55 -0400},
	Date-Modified = {2015-12-22 18:04:08 -0400},
	Month = {November},
	Title = {The {PyMOL} Molecular Graphics System, Version~2.4.1},
	Year = {2015}}
	
@article{coombs1999revisiting,
  title={Revisiting catalysis by chymotrypsin family serine proteases using peptide substrates and inhibitors with unnatural main chains},
  author={Coombs, Gary S and Rao, Mohan S and Olson, Arthur J and Dawson, Philip E and Madison, Edwin L},
  journal={Journal of biological chemistry},
  volume={274},
  number={34},
  pages={24074--24079},
  year={1999},
  publisher={ASBMB},
}
%   URL={https://doi.org/10.1074/jbc.274.34.24074}


@article{bode1993natural,
  title={Natural protein proteinase inhibitors and their interaction with proteinases},
  author={Bode, Wolfram and Huber, Robert},
  journal={EJB Reviews},
  pages={43--61},
  year={1993},
  publisher={Springer},
}
%   URL={https://doi.org/10.1111/j.1432-1033.1992.tb16654.x}

@article{millhauser1995,
	title = {Views of {Helical} {Peptides}: {A} {Proposal} for the {Position} of 310-{Helix} along the {Thermodynamic} {Folding} {Pathway}},
	volume = {34},
	issn = {0006-2960},
	shorttitle = {Views of {Helical} {Peptides}},
	number = {12},
	urldate = {2021-10-04},
	journal = {Biochemistry},
	author = {Millhauser, Glenn L.},
	month = mar,
	year = {1995},
	note = {Publisher: American Chemical Society},
	pages = {3873--3877},
}
% 	url = {https://doi.org/10.1021/bi00012a001},

@article{vieira-310-2010,
	title = {310 helices in channels and other membrane proteins},
	volume = {136},
	issn = {0022-1295},
	number = {6},
	urldate = {2021-10-04},
	journal = {Journal of General Physiology},
	author = {Vieira-Pires, Ricardo Simão and Morais-Cabral, João Henrique},
	month = nov,
	year = {2010},
	pages = {585--592},
}
% 	url = {https://doi.org/10.1085/jgp.201010508},

@article{enkhbayar_310-helices_2006,
	title = {310-helices in proteins are parahelices},
	volume = {64},
	issn = {1097-0134},
	language = {en},
	number = {3},
	urldate = {2021-10-04},
	journal = {Proteins: Structure, function, and bioinformatics},
	author = {Enkhbayar, Purevjav and Hikichi, Kunio and Osaki, Mitsuru and Kretsinger, Robert H. and Matsushima, Norio},
	year = {2006},
	note = {\_eprint: https://onlinelibrary.wiley.com/doi/pdf/10.1002/prot.21026},
	keywords = {310-helix, helix fitting, helix parameters, parahelix},
	pages = {691--699},
}
% 	url = {https://doi.org/10.1002/prot.21026},

@article{topol_310helix_2001,
	title = {$\alpha$ and 3$_{10}$-{Helix} {Interconversion}:  {A} {Quantum}-{Chemical} {Study} on {Polyalanine} {Systems} in the {Gas} {Phase} and in {Aqueous} {Solvent}},
	volume = {123},
	issn = {0002-7863},
	shorttitle = {$\alpha$- and 3$_{10}$-{Helix} {Interconversion}},
	number = {25},
	urldate = {2021-10-04},
	journal = {Journal of the American Chemical Society},
	author = {Topol, Igor A. and Burt, Stanley K. and Deretey, Eugen and Tang, Ting-Hua and Perczel, Andras and Rashin, Alexander and Csizmadia, Imre G.},
	month = jun,
	year = {2001},
	note = {Publisher: American Chemical Society},
	pages = {6054--6060},
}
% 	url = {https://doi.org/10.1021/ja0038934},

@article{zhang_310_1994,
	title = {310 {Helix} {Versus} .alpha.-{Helix}: {A} {Molecular} {Dynamics} {Study} of {Conformational} {Preferences} of {Aib} and {Alanine}},
	volume = {116},
	issn = {0002-7863},
	shorttitle = {310 {Helix} {Versus} .alpha.-{Helix}},
	number = {26},
	urldate = {2021-10-04},
	journal = {Journal of the American Chemical Society},
	author = {Zhang, Li and Hermans, Jan},
	month = dec,
	year = {1994},
	note = {Publisher: American Chemical Society},
	pages = {11915--11921},
}
% 	url = {https://doi.org/10.1021/ja00105a034},

@article{russell2009site,
  title={Site-selective chemical protein glycosylation protects from autolysis and proteolytic degradation},
  author={Russell, David and Oldham, Neil J and Davis, Benjamin G},
  journal={Carbohydrate research},
  volume={344},
  number={12},
  pages={1508--1514},
  year={2009},
  publisher={Elsevier},
}
%   URL={https://doi.org/10.1016/j.carres.2009.06.033}

@article{raju2006glycosylation,
  title={Glycosylation in the Fc domain of IgG increases resistance to proteolytic cleavage by papain},
  author={Raju, T Shantha and Scallon, Bernard J},
  journal={Biochemical and biophysical research communications},
  volume={341},
  number={3},
  pages={797--803},
  year={2006},
  publisher={Elsevier},
}
%   URL={https://doi.org/10.1016/j.bbrc.2006.01.030}

@article{kayser2011glycosylation,
  title={Glycosylation influences on the aggregation propensity of therapeutic monoclonal antibodies},
  author={Kayser, Veysel and Chennamsetty, Naresh and Voynov, Vladimir and Forrer, Kurt and Helk, Bernhard and Trout, Bernhardt L},
  journal={Biotechnology journal},
  volume={6},
  number={1},
  pages={38--44},
  year={2011},
  publisher={Wiley Online Library},
}
%   URL={https://doi.org/10.1002/biot.201000091}

@article{van2004role,
  title={The role of N-linked glycosylation in the protection of human and bovine lactoferrin against tryptic proteolysis},
  author={van Veen, Harrie A and Geerts, Marlieke EJ and van Berkel, Patrick HC and Nuijens, Jan H},
  journal={European journal of biochemistry},
  volume={271},
  number={4},
  pages={678--684},
  year={2004},
  publisher={Wiley Online Library},
}
%   URL={https://doi.org/10.1111/j.1432-1033.2003.03965.x}

@article{losev2019novel,
  title={Novel model of secreted human tau protein reveals the impact of the abnormal N-glycosylation of tau on its aggregation propensity},
  author={Losev, Yelena and Paul, Ashim and Frenkel-Pinter, Moran and Abu-Hussein, Malak and Khalaila, Isam and Gazit, Ehud and Segal, Daniel},
  journal={Scientific reports},
  volume={9},
  number={1},
  pages={1--10},
  year={2019},
  publisher={Nature Publishing Group},
}
%   URL={https://doi.org/10.1038/s41598-019-39218-x},

@article{sareneva1995n,
  title={N-glycosylation of human interferon-$\gamma$: glycans at Asn-25 are critical for protease resistance},
  author={Sareneva, T and Pirhonen, J and Cantell, K and Julkunen, I},
  journal={Biochemical journal},
  volume={308},
  number={1},
  pages={9--14},
  year={1995},
  publisher={Portland Press Ltd.},
}
%   URL={https://doi.org/10.1042/bj3080009}

@article{torrie1977nonphysical,
  title={Nonphysical sampling distributions in Monte Carlo free-energy estimation: Umbrella sampling},
  author={Torrie, Glenn M and Valleau, John P},
  journal={Journal of computational physics},
  volume={23},
  number={2},
  pages={187--199},
  year={1977},
  publisher={Elsevier},
}
%   URL={https://doi.org/10.1016/0021-9991(77)90121-8}

@article{sugita2000replica,
  title={Replica-exchange multicanonical algorithm and multicanonical replica-exchange method for simulating systems with rough energy landscape},
  author={Sugita, Yuji and Okamoto, Yuko},
  journal={Chemical physics letters},
  volume={329},
  number={3-4},
  pages={261--270},
  year={2000},
  publisher={Elsevier},
}
%   URL={https://doi/org/10.1016/S0009-2614(00)00999-4}

@article{lyubartsev1992new,
  title={New approach to Monte Carlo calculation of the free energy: Method of expanded ensembles},
  author={Lyubartsev, AP and Martsinovski, AA and Shevkunov, SV and Vorontsov-Velyaminov, PN},
  journal={The journal of chemical physics},
  volume={96},
  number={3},
  pages={1776--1783},
  year={1992},
  publisher={American Institute of Physics},
}
%   URL={https://doi.org/10.1063/1.462133}

@article{chodera2016simple,
  title={A simple method for automated equilibration detection in molecular simulations},
  author={Chodera, John D},
  journal={Journal of chemical theory and computation},
  volume={12},
  number={4},
  pages={1799--1805},
  year={2016},
  publisher={ACS Publications},
}
%   URL={https://doi.org/10.1021/acs.jctc.5b00784}

@article{chaffey2017structural,
  title={Structural insight into the stabilizing effect of O-glycosylation},
  author={Chaffey, Patrick K and Guan, Xiaoyang and Chen, Chao and Ruan, Yuan and Wang, Xinfeng and Tran, Amy H and Koelsch, Theo N and Cui, Qiu and Feng, Yingang and Tan, Zhongping},
  journal={Biochemistry},
  volume={56},
  number={23},
  pages={2897--2906},
  year={2017},
  publisher={ACS Publications},
}
%   URL={https://doi.org/10.1021/acs.biochem.7b00195}

@article{kendall1948advanced,
  title={The advanced theory of statistics. Vols. 1.},
  author={Kendall, Maurice G and others},
  journal={The advanced theory of statistics. Vols. 1.},
  volume={1},
  number={Ed. 4},
  year={1948},
  publisher={Charles Griffin and Co., Ltd., 42 Drury Lane, London},
}
%   URL={https://www.cabdirect.org/cabdirect/abstract/19501403039}

@article{ward2021deep,
  title={Deep learning the structural determinants of protein biochemical properties by comparing structural ensembles with DiffNets},
  author={Ward, Michael D and Zimmerman, Maxwell I and Meller, Artur and Chung, Moses and Swamidass, SJ and Bowman, Gregory R},
  journal={Nature communications},
  volume={12},
  number={1},
  pages={1--12},
  year={2021},
  publisher={Nature Publishing Group}
}
%   URL={https://doi.org/10.1038/s41467-021-23246-1},

@book{gilbert2012insect,
  title={Insect molecular biology and biochemistry},
  author={Gilbert, Lawrence I},
  year={2012},
  publisher={Academic Press}
}
@book{mcqueen2017comprehensive,
  title={Comprehensive toxicology},
  author={McQueen, Charlene},
  year={2017},
  publisher={Elsevier}
}
@article{fallingborg1999intraluminal,
  title={Intraluminal pH of the human gastrointestinal tract.},
  author={Fallingborg, Jan},
  journal={Danish medical bulletin},
  volume={46},
  number={3},
  pages={183--196},
  year={1999}
}
@book{scott2015multivariate,
  title={Multivariate density estimation: theory, practice, and visualization},
  author={Scott, David W},
  year={2015},
  publisher={John Wiley \& Sons}
}

@article{busto2021structural,
  title={Structural Ensemble of the Insulin Monomer},
  author={Busto-Moner, Luis and Feng, Chi-Jui and Antoszewski, Adam and Tokmakoff, Andrei and Dinner, Aaron R},
  journal={Biochemistry},
  volume={60},
  number={42},
  pages={3125--3136},
  year={2021},
  publisher={ACS Publications}
}

@article{hansmann1997parallel,
  title={Parallel tempering algorithm for conformational studies of biological molecules},
  author={Hansmann, Ulrich HE},
  journal={Chemical Physics Letters},
  volume={281},
  number={1-3},
  pages={140--150},
  year={1997},
  publisher={Elsevier}
}

@article{earl2005parallel,
  title={Parallel tempering: Theory, applications, and new perspectives},
  author={Earl, David J and Deem, Michael W},
  journal={Physical Chemistry Chemical Physics},
  volume={7},
  number={23},
  pages={3910--3916},
  year={2005},
  publisher={Royal Society of Chemistry}
}

@article{nuske2014variational,
  title={Variational approach to molecular kinetics},
  author={Nuske, Feliks and Keller, Bettina G and P{\'e}rez-Hern{\'a}ndez, Guillermo and Mey, Antonia SJS and No{\'e}, Frank},
  journal={Journal of chemical theory and computation},
  volume={10},
  number={4},
  pages={1739--1752},
  year={2014},
  publisher={ACS Publications}
}

@article{lorpaiboon2020integrated,
  title={Integrated variational approach to conformational dynamics: A robust strategy for identifying eigenfunctions of dynamical operators},
  author={Lorpaiboon, Chatipat and Thiede, Erik Henning and Webber, Robert J and Weare, Jonathan and Dinner, Aaron R},
  journal={The Journal of Physical Chemistry B},
  volume={124},
  number={42},
  pages={9354--9364},
  year={2020},
  publisher={ACS Publications}
}

@article{prinz2011markov,
  title={Markov models of molecular kinetics: Generation and validation},
  author={Prinz, Jan-Hendrik and Wu, Hao and Sarich, Marco and Keller, Bettina and Senne, Martin and Held, Martin and Chodera, John D and Sch{\"u}tte, Christof and No{\'e}, Frank},
  journal={The Journal of chemical physics},
  volume={134},
  number={17},
  pages={174105},
  year={2011},
  publisher={American Institute of Physics}
}

@book{bowman2013introduction,
  title={An introduction to Markov state models and their application to long timescale molecular simulation},
  author={Bowman, Gregory R and Pande, Vijay S and No{\'e}, Frank},
  volume={797},
  year={2013},
  publisher={Springer Science \& Business Media}
}

@article{schutte1999direct,
  title={A direct approach to conformational dynamics based on hybrid Monte Carlo},
  author={Sch{\"u}tte, Ch and Fischer, Alexander and Huisinga, Wilhelm and Deuflhard, Peter},
  journal={Journal of Computational Physics},
  volume={151},
  number={1},
  pages={146--168},
  year={1999},
  publisher={Elsevier}
}

@article{tozzini2010minimalist,
  title={Minimalist models for proteins: a comparative analysis},
  author={Tozzini, Valentina},
  journal={Quarterly reviews of biophysics},
  volume={43},
  number={3},
  pages={333--371},
  year={2010},
  publisher={Cambridge University Press}
}

@article{guo2013description,
  title={Description of local and global shape properties of protein helices},
  author={Guo, Zhanyong and Kraka, Elfi and Cremer, Dieter},
  journal={Journal of molecular modeling},
  volume={19},
  number={7},
  pages={2901--2911},
  year={2013},
  publisher={Springer}
}

@incollection{davis2011remarks,
  title={Remarks on some nonparametric estimates of a density function},
  author={Davis, Richard A and Lii, Keh-Shin and Politis, Dimitris N},
  booktitle={Selected Works of Murray Rosenblatt},
  pages={95--100},
  year={2011},
  publisher={Springer}
}

@article{parzen1962estimation,
  title={On estimation of a probability density function and mode},
  author={Parzen, Emanuel},
  journal={The annals of mathematical statistics},
  volume={33},
  number={3},
  pages={1065--1076},
  year={1962},
  publisher={JSTOR}
}

@article{killick2012optimal,
  title={Optimal detection of changepoints with a linear computational cost},
  author={Killick, Rebecca and Fearnhead, Paul and Eckley, Idris A},
  journal={Journal of the American Statistical Association},
  volume={107},
  number={500},
  pages={1590--1598},
  year={2012},
  publisher={Taylor \& Francis}
}

@article{keller2001flexibility,
  title={Flexibility and bioactivity of insulin: an NMR investigation of the solution structure and folding of an unusually flexible human insulin mutant with increased biological activity},
  author={Keller, Danielle and Clausen, Rikke and Josefsen, Knud and Led, Jens J},
  journal={Biochemistry},
  volume={40},
  number={35},
  pages={10732--10740},
  year={2001},
  publisher={ACS Publications}
}

@article{jorgensen1996solution,
  title={Solution structure of the superactive monomeric des-[Phe (B25)] human insulin mutant: elucidation of the structural basis for the monomerization of des-[Phe (B25)] insulin and the dimerization of native insulin},
  author={J{\o}rgensen, Anne Marie M and Olsen, Helle B and Balschmidt, Per and Led, Jens J},
  journal={Journal of molecular biology},
  volume={257},
  number={3},
  pages={684--699},
  year={1996},
  publisher={Elsevier}
}

@article{bocian2008structure,
  title={Structure of human insulin monomer in water/acetonitrile solution},
  author={Bocian, Wojciech and Sitkowski, Jerzy and Bednarek, El{\.z}bieta and Tarnowska, Anna and Kawecki, Robert and Kozerski, Lech},
  journal={Journal of biomolecular NMR},
  volume={40},
  number={1},
  pages={55--64},
  year={2008},
  publisher={Springer}
}
